@article{воронкін2014можливості,
  title={Можливості використання системи QR-кодів у вищій школі},
  author={Воронкін, Олексій Сергійович},
  journal={Матеріали четвертої міжнародної науково-практичної конференції FOSS Lviv 2014},
  pages={145--149},
  year={2014},
  language={ukrainian}
}

@article{гост20077,
  title={7.1: 2006. Бібліографічний запис. Бібліографічний опис: загальні вимоги та правила складання (ГОСТ 7.1--2003, IDT).—Видання офіційне},
  author={ГОСТ, ДСТУ},
  journal={К.: Держспоживстандарт України},
  year={2007},
  language={ukrainian}
}

@article{борисов2015використання,
  title={Використання сучасних автоматизованих систем управління навчальним закладом для складання розкладу},
  author={Борисов, ВВ and Литвинов, АС},
  year={2015},
  publisher={Вид-во НПУ імені МП Драгоманова},
  language={ukrainian}
}

@article{ситник2004проектування,
  title={Проектування баз і сховищ даних: Навч. посібник},
  author={Ситник, НВ},
  journal={К.: КНЕУ},
  year={2004},
  language={ukrainian}
}

@article{codd1970relational,
  title={A relational model of data for large shared data banks},
  author={Codd, Edgar F},
  journal={Communications of the ACM},
  volume={13},
  number={6},
  pages={377--387},
  year={1970},
  publisher={ACM},
  language={english}
}

@book{дейт2008введение,
  title={Введение в системы баз данных},
  author={Дейт, К Дж},
  year={2008},
  publisher={Вильямс}, 
  pages={1328},
  language={russian}
}

@book{zeiss2015node,
  title={Node.js v0.12.5 Manual \& Documentation},
  author={Mirco Zeiss},
  year={2015},
  pages={244},
  language={english}
}

@article{приходченко2018обґрунтування,
  title={Обґрунтування вибору мікросервісної архітектури в порівнянні з монолитною},
  author={Приходченко, Сергій Дмитрович and Родна, КС and Поштак, РВ},
  year={2018},
  pages={4},
  publisher={Нац. техн. ун-т “Дніпровська політехніка”},
  language={ukrainian}
}

@article{кучер2018мікросервісна,
  title={Мікросервісна архітектура та її особливості},
  author={Кучер, ВВ},
  year={2018},
  pages={14},
  language={ukrainian}
}

@online{KspuEdu,
  author = {Співаковський, Олександр Володимирович},
  title = {Web-портал Херсонського державного університету},
  year = 2013,
  url = {http://kspu.edu/},
  urldate = {2019-04-11},
  language={ukrainian}
}

@online{KsuOnline,
  title = {Система дистанційного навчання <<KSU Online>>},
  url = {http://ksuonline.kspu.edu/},
  urldate = {2019-04-11},
  language={ukrainian}
}

@online{KsuDis,
  author = {Кравцов, Дмитро},
  title = {Web-портал <<Херсонський Віртуальний Університет>>},
  year = 2010,
  url = {http://dls.kherson.ua/},
  urldate = {2019-04-11},
  language={ukrainian}
}

@online{KsuFeedback,
  title = {Сервіс <<KSU Feedback>>},
  url = {http://feedback.kspu.edu/},
  urldate = {2019-04-11},
  language={ukrainian}
}

@online{eLibrary,
  title = {Сервіс <<Пошук книг в електронному каталозі бібліотеки>>},
  year = 2010,
  url = {http://elibrary.kspu.edu/},
  urldate = {2019-04-11},
  language={ukrainian}
}

@online{ITO,
  title = {Web-портал <<Збірник наукових праць <<Інформаційні технології в освіті>> (ІТО)>>},
  year = 2008,
  url = {http://ite.kspu.edu/},
  urldate = {2019-04-11},
  language={ukrainian}
}

@online{CBotJ,
  title = {Web-портал <<Чорноморський ботанiчний журнал>>},
  year = 2005,
  url = {http://http://cbj.kspu.edu/},
  urldate = {2019-04-11},
  language={ukrainian}
}

@article{киричек2012модель,
  title={Модель оцінки плагіату програмного коду на основі системи контролю версій},
  author={Киричек, Галина Григорівна and Киричек, ОО},
  journal={Восточно-Европейский журнал передовых технологий},
  number={2 (2)},
  pages={25--28},
  year={2012},
  publisher={Технологический центр, ЧП, Украинский государственный университет},
  language={ukrainian}
}

@online{gCalShedule,
  title = {GitHub-репозиторій веб-додатку редагування розкладу},
  year = 2018,
  url = {https://github.com/Rembut/gCalShedule},
  urldate = {2019-04-22},
  language={ukrainian}
}

@online{semver,
  title = {Semantic Versioning 2.0.0},
  author={Tom Preston-Werner},
  year = 2013,
  url = {https://semver.org/},
  urldate = {2019-05-01},
  language={ukrainian}
}

@book{lamport1994latex,
  title={LATEX: a document preparation system: user's guide and reference manual},
  author={Lamport, Leslie},
  year={1994},
  publisher={Addison-wesley},
  language={english}
}

@book{simon2015nodeexpress,
  Author = {Simon Holmes},
  Title = {Getting MEAN with Mongo, Express, Angular, and Node},
  Publisher = {Manning Publications},
  Year = {2015},
  pages={440},
  language={english}
}

@book{hahn2016express,
  Author = {Evan Hahn},
  Title = {Express in Action: Writing, building, and testing Node.js applications},
  Publisher = {Manning Publications},
  Year = {2016},
  pages={256},
  language={english}
}

@article{львовский2003latex,
  title={LATEX: подробное описание},
  author={Львовский, СМ},
  pages={242},
  year={2003},
  language={russian}
}

@article{рубан2013аналіз,
  title={Аналіз сучасного програмного забезпечення для автоматизації процесу складання розкладу навчальних занять},
  author={Рубан, ИВ and Дуденко, СВ and Бусигін, ЮВ and Калмиков, ММ and Трублін, ОА},
  year={2013},
  pages={6},
  publisher={Харківський університет Повітряних Сил},
  language={ukrainian}
}

@article{мулява2016система,
  title={Система формування розкладу навчального занять з використанням суб’єктивних переваг},
  author={Мулява, Ігор Ярославович},
  journal={International scientific journal},
  number={7},
  pages={22--27},
  year={2016},
  publisher={Фінансова рада України}
}

@phdthesis{бородіна2018selenium,
  title={Selenium. Автоматизоване тестування Web додатків},
  author={Бородіна, ОО and Філонич, ММ},
  year={2018},
  school={Полтавський національний технічний університет імені Юрія Кондратюка}
}

@book{9781680506464,
  Author = {Trevor Burnham},
  Title = {Test-Driven React: Find Problems Early, Fix Them Quickly, Code with Confidence},
  Publisher = {Pragmatic Bookshelf},
  Year = {2019},
  ISBN = {1680506463},
  pages={170},
  language={english}
}

@book{9781782160663,
  Author = {Alex Libby},
  Title = {Learning Less.js},
  Publisher = {Packt Publishing},
  Year = {2014},
  pages={344},
  language={english}
}

@book{fedosejev2015react,
  title={React. js Essentials},
  author={Fedosejev, Artemij},
  year={2015},
  publisher={Packt Publishing Ltd},
  pages={286},
  language={english}  
}

@article{гужва2001інформаційні,
  title={Інформаційні системи і технології на підприємствах},
  author={Гужва, Володимир Михайлович},
  journal={К.: КНЕУ},
  pages={133--170},
  year={2001},
  language={ukrainian}
}

@article{кучер2016переваги,
  title={Переваги використання CSS препроцесора},
  author={Кучер, ВВ},
  journal={Актуальні питання сучасної інформатики},
  volume={3},
  pages={102--105},
  year={2016}
}

@article{petrenko2015порівняння,
  title={Порівняння типів архітектури систем сервісів},
  author={Petrenko, ОО},
  journal={Системні дослідження та інформаційні технології},
  number={4},
  pages={48--62},
  year={2015}
}

@incollection{mezzalira2018mobx,
  title={Mobx: Simple state management},
  author={Mezzalira, Luca},
  booktitle={Front-End Reactive Architectures},
  pages={129--158},
  year={2018},
  publisher={Springer}
}

@article{caspers2017react,
  title={React and Redux},
  author={Caspers, Matthias Kevin},
  journal={Rich Internet Applications w/HTML and Javascript},
  pages={11},
  year={2017}
}

@article{hung2018architectural,
  title={An Architectural Style for Single Page Scalable Modern Web Application},
  author={Hung, Suresh Kumar Mukhiya1 Hoang Khac},
  year={2018}
}

@book{9781617294976,
  Author = {Marc Garreau and Will Faurot},
  Title = {Redux in Action},
  Publisher = {Manning Publications},
  Year = {2018},
  pages={286},
  language={english} 
}

@book{9781789344837,
  Author = {Pavan Podila and Michel Weststrate},
  Title = {MobX Quick Start Guide: Supercharge the client state in your React apps with MobX},
  Publisher = {Packt Publishing},
  Year = {2018},
  pages={314},
  language={english} 
}

@book{9781787282537,
  Author = {Vladimir Novick},
  Title = {React Native - Building Mobile Apps with JavaScript: Build real-world iOS and Android native apps with JavaScript},
  Publisher = {Packt Publishing},
  Year = {2017},
  pages={118},
  language={english} 
}

@article{caspers2017react,
  title={React and Redux},
  author={Caspers, Matthias Kevin},
  journal={Rich Internet Applications w/HTML and Javascript},
  pages={11},
  year={2017}
}
